<?xml version="1.0" encoding="UTF-8"?><collection xmlns="http://www.loc.gov/MARC21/slim"><record><leader>00655nam--2200205-i-4500</leader><controlfield tag="001">000041016</controlfield><controlfield tag="002">20161230</controlfield><controlfield tag="005">20161230201042</controlfield><controlfield tag="008">060222s1000------------r-----000-0-fre-d</controlfield><datafield ind1=" " ind2=" " tag="040"><subfield code="a">IFIN-HH</subfield></datafield><datafield ind1=" " ind2=" " tag="041"><subfield code="a">fre</subfield></datafield><datafield ind1=" " ind2=" " tag="080"><subfield code="a">539.1.078</subfield></datafield><datafield ind1="1" ind2=" " tag="100"><subfield code="a">Samueli, J.-j</subfield></datafield><datafield ind1="1" ind2="0" tag="245"><subfield code="a">Instrumentation electronique en physique nucleaire (mesures de temps et d'energie)</subfield><subfield code="b">Preface de a blanc-lapierre</subfield><subfield code="c">J.-j. samueli, j. pigneret, a. sarazin</subfield></datafield><datafield ind1=" " ind2=" " tag="260"><subfield code="a">Paris</subfield><subfield code="b">Masson Et Cie, Editeurs</subfield><subfield code="c">1968</subfield></datafield><datafield ind1=" " ind2=" " tag="300"><subfield code="a">280P</subfield></datafield><datafield ind1=" " ind2=" " tag="490"><subfield code="a">Collection De Monographies D'Electronique</subfield></datafield><datafield ind1="1" ind2=" " tag="700"><subfield code="a">Sarazin, A</subfield></datafield><datafield ind1=" " ind2=" " tag="852"><subfield code="a">29890</subfield><subfield code="c">539.1.07:539.1.08</subfield></datafield><datafield ind1=" " ind2=" " tag="CAT"><subfield code="a">Sys</subfield><subfield code="c">20111020</subfield><subfield code="h">133458</subfield></datafield></record></collection>